<record><leader>01701pam a2200421 i 4500</leader><controlfield tag="001">6668399</controlfield><controlfield tag="003">OCoLC</controlfield><controlfield tag="005">20140812114025.0</controlfield><controlfield tag="008">131024t20152015nyua     b    001 0 eng  </controlfield><datafield ind1=" " ind2=" " tag="010"><subfield code="a">  2013041106</subfield></datafield><datafield ind1=" " ind2=" " tag="020"><subfield code="a">9780078027000 (alk. paper)</subfield></datafield><datafield ind1=" " ind2=" " tag="020"><subfield code="a">0078027004 (alk. paper)</subfield></datafield><datafield ind1=" " ind2=" " tag="035"><subfield code="a">ocn916283544</subfield></datafield><datafield ind1=" " ind2=" " tag="040"><subfield code="a">DLC</subfield><subfield code="b">eng</subfield><subfield code="e">rda</subfield><subfield code="c">DLC</subfield><subfield code="d">YDXCP</subfield><subfield code="d">UAB</subfield></datafield><datafield ind1=" " ind2=" " tag="042"><subfield code="a">pcc</subfield></datafield><datafield ind1="0" ind2="0" tag="050"><subfield code="a">HQ1180</subfield><subfield code="b">.W689 2015</subfield></datafield><datafield ind1="0" ind2="0" tag="082"><subfield code="a">305.42</subfield><subfield code="2">23</subfield></datafield><datafield ind1=" " ind2=" " tag="090"><subfield code="a">305.42 WOM</subfield><subfield code="b">AEVC</subfield></datafield><datafield ind1=" " ind2=" " tag="090"><subfield code="a">HQ 1180 W689 2015</subfield><subfield code="b">AEU</subfield></datafield><datafield ind1=" " ind2=" " tag="090"><subfield code="a">HQ1180 .W689 2015</subfield><subfield code="b">AEGMCT</subfield></datafield><datafield ind1="0" ind2="0" tag="245"><subfield code="a">Women's voices, feminist visions :</subfield><subfield code="b">classic and contemporary readings /</subfield><subfield code="c">[edited by] Susan M. Shaw, Janet Lee (Oregon State University).</subfield></datafield><datafield ind1=" " ind2=" " tag="250"><subfield code="a">Sixth edition.</subfield></datafield><datafield ind1=" " ind2="1" tag="264"><subfield code="a">New York, NY :</subfield><subfield code="b">McGraw-Hill Education,</subfield><subfield code="c">[2015]</subfield></datafield><datafield ind1=" " ind2="4" tag="264"><subfield code="c">&#169;2015</subfield></datafield><datafield ind1=" " ind2=" " tag="300"><subfield code="a">1 volume (various pagings) :</subfield><subfield code="b">illustrations ;</subfield><subfield code="c">23 cm</subfield></datafield><datafield ind1=" " ind2=" " tag="336"><subfield code="a">text</subfield><subfield code="2">rdacontent</subfield></datafield><datafield ind1=" " ind2=" " tag="337"><subfield code="a">unmediated</subfield><subfield code="2">rdamedia</subfield></datafield><datafield ind1=" " ind2=" " tag="338"><subfield code="a">volume</subfield><subfield code="2">rdacarrier</subfield></datafield><datafield ind1=" " ind2=" " tag="504"><subfield code="a">Includes bibliographical references and index.</subfield></datafield><datafield ind1=" " ind2=" " tag="596"><subfield code="a">3 29 43</subfield></datafield><datafield ind1=" " ind2="0" tag="650"><subfield code="a">Women's studies.</subfield></datafield><datafield ind1=" " ind2="0" tag="650"><subfield code="a">Feminism.</subfield></datafield><datafield ind1="1" ind2=" " tag="700"><subfield code="a">Shaw, Susan M.</subfield><subfield code="q">(Susan Maxine),</subfield><subfield code="d">1960- ,</subfield><subfield code="e">editor.</subfield></datafield><datafield ind1="1" ind2=" " tag="700"><subfield code="a">Lee, Janet,</subfield><subfield code="d">1954- ,</subfield><subfield code="e">editor.</subfield></datafield><datafield ind1=" " ind2=" " tag="949"><subfield code="a">HQ 1180 W689 2015</subfield><subfield code="c">1</subfield><subfield code="h">UAHS-B</subfield><subfield code="i">0162035138328</subfield></datafield><datafield ind1=" " ind2=" " tag="926"><subfield code="a">HQ 1180 W689 2015</subfield><subfield code="w">LC</subfield><subfield code="c">1</subfield><subfield code="i">0162035138328</subfield><subfield code="d">1/18/2017</subfield><subfield code="e">1/18/2017</subfield><subfield code="k">CHECKEDOUT</subfield><subfield code="l">ON_SHELF</subfield><subfield code="m">UAHSS</subfield><subfield code="n">12</subfield><subfield code="p">$150.00</subfield><subfield code="r">M</subfield><subfield code="s">Y</subfield><subfield code="t">BOOK</subfield><subfield code="u">9/2/2014</subfield></datafield><datafield ind1=" " ind2=" " tag="926"><subfield code="a">HQ1180 .W689 2015</subfield><subfield code="w">LC</subfield><subfield code="c">1</subfield><subfield code="i">1007423724</subfield><subfield code="d">1/20/2017</subfield><subfield code="e">12/9/2016</subfield><subfield code="l">ON_SHELF</subfield><subfield code="m">GR_MACEWAN</subfield><subfield code="n">11</subfield><subfield code="p">$186.38</subfield><subfield code="r">Y</subfield><subfield code="s">Y</subfield><subfield code="t">BOOK</subfield><subfield code="u">11/13/2014</subfield></datafield><datafield ind1=" " ind2=" " tag="926"><subfield code="a">305.42 WOM</subfield><subfield code="w">DEWEY</subfield><subfield code="c">1</subfield><subfield code="i">33862001349970</subfield><subfield code="d">3/16/2016</subfield><subfield code="e">3/11/2016</subfield><subfield code="l">ON_SHELF</subfield><subfield code="m">NORQ_MAIN</subfield><subfield code="n">12</subfield><subfield code="p">$149.95</subfield><subfield code="r">Y</subfield><subfield code="s">Y</subfield><subfield code="t">BOOK</subfield><subfield code="u">12/19/2014</subfield></datafield></record>